% this is textbook
@book{Särkkä_Svensson_2023_textbook, 
place={Cambridge}, 
edition={2}, 
series={Institute of Mathematical Statistics Textbooks}, title={Bayesian Filtering and Smoothing}, 
publisher={Cambridge University Press}, author={Särkkä, Simo and Svensson, Lennart}, 
year={2023}, 
collection={Institute of Mathematical Statistics Textbooks}
}

% origin paper
@inproceedings{chouzenoux2020GraphEM,
  title={GraphEM: EM algorithm for blind Kalman filtering under graphical sparsity constraints},
  author={Chouzenoux, Emilie and Elvira, V{\'\i}ctor},
  booktitle={ICASSP 2020-2020 IEEE International Conference on Acoustics, Speech and Signal Processing (ICASSP)},
  pages={5840--5844},
  year={2020},
  organization={IEEE}
}

% paper that i see so many times
@article{elvira2022GraphEM_TSP,
  title={Graphical inference in linear-Gaussian state-space models},
  author={Elvira, V{\'\i}ctor and Chouzenoux, {\'E}milie},
  journal={IEEE Transactions on Signal Processing},
  volume={70},
  pages={4757--4771},
  year={2022},
  publisher={IEEE}
}

% sparj alg
@article{cox2023sparj_alg,
  title={Sparse Bayesian estimation of parameters in linear-Gaussian state-space models},
  author={Cox, Benjamin and Elvira, V{\'\i}ctor},
  journal={IEEE Transactions on Signal Processing},
  volume={71},
  pages={1922--1937},
  year={2023},
  publisher={IEEE}
}

% dglasso
@article{chouzenoux2024DGLASSO,
  title={Sparse graphical linear dynamical systems},
  author={Chouzenoux, Emilie and Elvira, Victor},
  journal={Journal of Machine Learning Research},
  volume={25},
  number={223},
  pages={1--53},
  year={2024}
}

% stock prediction
@article{sharma2021stock_prediction,
  title={Recurrent dictionary learning for state-space models with an application in stock forecasting},
  author={Sharma, Shalini and Elvira, V{\'\i}ctor and Chouzenoux, Emilie and Majumdar, Angshul},
  journal={Neurocomputing},
  volume={450},
  pages={1--13},
  year={2021},
  publisher={Elsevier}
}

% non-convex optim
@inproceedings{chouzenoux2023graph_it,
  title={Graphit: Iterative Reweighted l1 Algorithm for Sparse Graph Inference in State-Space Models},
  author={Chouzenoux, Emilie and Elvira, V{\'\i}ctor},
  booktitle={ICASSP 2023-2023 IEEE International Conference on Acoustics, Speech and Signal Processing (ICASSP)},
  pages={1--5},
  year={2023},
  organization={IEEE}
}

% non-markov lagrangeEM
@inproceedings{chouzenoux2024non_markov_lagrangeEM,
  title={Graphical inference in non-Markovian linear-Gaussian state-space models},
  author={Chouzenoux, Emilie and Elvira, V{\'\i}ctor},
  booktitle={ICASSP 2024-2024 IEEE International Conference on Acoustics, Speech and Signal Processing (ICASSP)},
  pages={13141--13145},
  year={2024},
  organization={IEEE}
}

@inproceedings{cox2022sparj_alg_journal,
  title={Parameter estimation in sparse linear-Gaussian state-space models via reversible jump Markov Chain Monte Carlo},
  author={Cox, Benjamin and Elvira, V{\'\i}ctor},
  booktitle={2022 30th European Signal Processing Conference (EUSIPCO)},
  pages={797--801},
  year={2022},
  organization={IEEE}
}

@article{elvira2023GraphEM_in_climate,
  title={Graphs in State-Space Models for Granger Causality in Climate Science},
  author={Elvira, V{\'\i}ctor and Chouzenoux, Emilie and Cerda, Jordi and Camps-Valls, Gustau},
  journal={arXiv preprint arXiv:2307.10703},
  year={2023}
}

@inproceedings{tsampourakis2022alr_changepoint,
  title={Approximating The Likelihood Ratio in Linear-Gaussian State-Space Models for Change Detection},
  author={Tsampourakis, Kostas and Elvira, V{\'\i}ctor},
  booktitle={ICASSP 2022-2022 IEEE International Conference on Acoustics, Speech and Signal Processing (ICASSP)},
  pages={5912--5916},
  year={2022},
  organization={IEEE}
}

@article{sharma2023stock_later,
  title={A dynamical model for stock forecasting via deep recurrent dictionary learning},
  author={Sharma, Shalini and Chouzenoux, {\'E}milie and Elvira, V{\'\i}ctor and Majumdar, Angshul},
  year={2023}
}

@misc{cox2024graphgrad_TSP,
      title={GraphGrad: Efficient Estimation of Sparse Polynomial Representations for General State-Space Models}, 
      author={Benjamin Cox and Emilie Chouzenoux and Victor Elvira},
      year={2024},
      eprint={2411.15637},
      archivePrefix={arXiv},
      primaryClass={stat.CO},
      url={https://arxiv.org/abs/2411.15637}, 
}

@inproceedings{dahiya2021twitter_prediction,
  title={Would your tweet invoke hate on the fly? forecasting hate intensity of reply threads on twitter},
  author={Dahiya, Snehil and Sharma, Shalini and Sahnan, Dhruv and Goel, Vasu and Chouzenoux, Emilie and Elvira, V{\'\i}ctor and Majumdar, Angshul and Bandhakavi, Anil and Chakraborty, Tanmoy},
  booktitle={Proceedings of the 27th ACM SIGKDD Conference on Knowledge Discovery \& Data Mining},
  pages={2732--2742},
  year={2021}
}

@phdthesis{choi2023urban_phd_environ,
  title={Urban temperature and electricity demand: probabilistic modeling and adaptive decision-making},
  author={Choi, Byeongseong},
  year={2023},
  school={Carnegie Mellon University}
}

@inproceedings{dabush2024kalman_tracking_network_dynamic,
  title={Kalman Filter for Tracking Network Dynamic},
  author={Dabush, Lital and Routtenberg, Tirza},
  booktitle={ICASSP 2024-2024 IEEE International Conference on Acoustics, Speech and Signal Processing (ICASSP)},
  pages={13216--13220},
  year={2024},
  organization={IEEE}
}

@inproceedings{cui2024inference_non_linear,
  title={Inference of time--varying graph topologies via gaussian processes},
  author={Cui, Chen and Djuri{\'c}, Petar M},
  booktitle={ICASSP 2024-2024 IEEE International Conference on Acoustics, Speech and Signal Processing (ICASSP)},
  pages={13276--13280},
  year={2024},
  organization={IEEE}
}

@misc{mohanty2025iclr_granger,
      title={Federated Granger Causality Learning for Interdependent Clients with State Space Representation}, 
      author={Ayush Mohanty and Nazal Mohamed and Paritosh Ramanan and Nagi Gebraeel},
      year={2025},
      eprint={2501.13890},
      archivePrefix={arXiv},
      primaryClass={cs.LG},
      url={https://arxiv.org/abs/2501.13890}, 
}

@article{hamilton1994state,
  title={State-space models},
  author={Hamilton, James D},
  journal={Handbook of econometrics},
  volume={4},
  pages={3039--3080},
  year={1994},
  publisher={Elsevier}
}

@book{kim2017state,
  title={State-space models with regime switching: classical and Gibbs-sampling approaches with applications},
  author={Kim, Chang-Jin and Nelson, Charles R},
  year={2017},
  publisher={MIT press}
}

@article{watts1998collective,
  title={Collective dynamics of ‘small-world’networks},
  author={Watts, Duncan J and Strogatz, Steven H},
  journal={nature},
  volume={393},
  number={6684},
  pages={440--442},
  year={1998},
  publisher={Nature Publishing Group}
}

@article{gupta1974computational,
  title={Computational aspects of maximum likelihood estimation and reduction in sensitivity function calculations},
  author={Gupta, Narendra and Mehra, Raman},
  journal={IEEE transactions on automatic control},
  volume={19},
  number={6},
  pages={774--783},
  year={1974},
  publisher={IEEE}
}

@article{shumway1982approach,
  title={An approach to time series smoothing and forecasting using the EM algorithm},
  author={Shumway, Robert H and Stoffer, David S},
  journal={Journal of time series analysis},
  volume={3},
  number={4},
  pages={253--264},
  year={1982},
  publisher={Wiley Online Library}
}

@incollection{neal1998view,
  title={A view of the EM algorithm that justifies incremental, sparse, and other variants},
  author={Neal, Radford M and Hinton, Geoffrey E},
  booktitle={Learning in graphical models},
  pages={355--368},
  year={1998},
  publisher={Springer}
}

@article{ravazzi2017learning,
  title={Learning influence structure in sparse social networks},
  author={Ravazzi, Chiara and Tempo, Roberto and Dabbene, Fabrizio},
  journal={IEEE Transactions on Control of Network Systems},
  volume={5},
  number={4},
  pages={1976--1986},
  year={2017},
  publisher={IEEE}
}

@article{granger1969investigating,
  title={Investigating causal relations by econometric models and cross-spectral methods},
  author={Granger, Clive WJ},
  journal={Econometrica: journal of the Econometric Society},
  pages={424--438},
  year={1969},
  publisher={JSTOR}
}

@article{zou2005regularization,
  title={Regularization and variable selection via the elastic net},
  author={Zou, Hui and Hastie, Trevor},
  journal={Journal of the Royal Statistical Society Series B: Statistical Methodology},
  volume={67},
  number={2},
  pages={301--320},
  year={2005},
  publisher={Oxford University Press}
}
